@Misc{htmlslideshowweb,
  key    = "htmlslideshowweb",
  author = "",
  title  = "List of web based slide shows",
  note   = "\\ \verb|http://en.wikipedia.org/wiki/Web-based_slideshow#List_of_web-based_slide_shows|",
}


